@book{AI_book, 
place={England}, 
title={Artificial Intelligence: A Guide to Intelligent Systems}, 
publisher={Pearson}, 
author={Michael Negnevitsky},
year={2011}}

@INPROCEEDINGS{7190434, 
author={I. Kotenko and I. Saenko and F. Skorik and S. Bushuev}, 
booktitle={Soft Computing and Measurements (SCM), 2015 XVIII International Conference on}, 
title={Neural network approach to forecast the state of the Internet of Things elements}, 
year={2015}, 
pages={133-135}, 
keywords={Internet of Things;decision making;multilayer perceptrons;neural net architecture;probability;Internet of Things;artificial neural network;decision making;multilayered perceptron;probabilistic neural network;Artificial neural networks;Computer architecture;Forecasting;Internet of things;Probabilistic logic;Security;internet of things;multilayered perceptron;neural network;state monitoring}, 
doi={10.1109/SCM.2015.7190434}, 
month={May},}

@book{AI-modern-app,
  Author = {Stuart Russell and Peter Norvig},
  Title = {Artificial Intelligence: A Modern Approach (3rd Edition)},
  Publisher = {Pearson},
  Year = {2009},
  ISBN = {0136042597}
}


@misc{nn-apps,
author={Standford},
title={Applications for Neural Networks},
note={\url{https://cs.stanford.edu/people/eroberts/courses/soco/projects/2000-01/neural-networks/Applications/index.html}},
year={2016}
}

@inproceedings{mikolov2010recurrent,
  title={Recurrent neural network based language model.},
  author={Mikolov, Tomas and Karafi{\'a}t, Martin and Burget, Lukas and Cernock{\`y}, Jan and Khudanpur, Sanjeev},
  booktitle={Interspeech},
  volume={2},
  pages={3},
  year={2010}
}


@misc{nnet-r,
author={Michy Alice},
title={Fitting a neural network in R; neuralnet package},
note={\url{https://www.r-bloggers.com/fitting-a-neural-network-in-r-neuralnet-package/
}},
year={2015}
}

@ARTICLE{7307098, 
author={A. L. Buczak and E. Guven}, 
journal={IEEE Communications Surveys Tutorials}, 
title={A Survey of Data Mining and Machine Learning Methods for Cyber Security Intrusion Detection}, 
year={2016}, 
volume={18}, 
number={2}, 
pages={1153-1176}, 
keywords={computer network security;data mining;learning (artificial intelligence);DM methods;ML-DM algorithms;ML-DM method;cyber analytics;cyber data sets;cyber security intrusion detection;data mining;machine learning methods;Computer security;Data mining;Data models;IP networks;Measurement;Ports (Computers);Protocols;Cyber Analytics;Cyber analytics;Data Mining;Machine Learning;data mining;machine learning}, 
doi={10.1109/COMST.2015.2494502}, 
ISSN={1553-877X}, 
month={Secondquarter},}


@INPROCEEDINGS{7440588, 
author={A. Yazidi and H. Hammer and A. Bai and P. E. Engelstad}, 
booktitle={2016 International Conference on Computing, Networking and Communications (ICNC)}, 
title={On the feasibility of machine learning as a tool for automatic security classification: A position paper}, 
year={2016}, 
pages={1-6}, 
keywords={information filters;learning (artificial intelligence);pattern classification;security of data;automatic security classification;dirty lists classification;filter;information guards;machine learning algorithms;sensitive information leakage blocking;topical classification;Buildings;Context;Digital signatures;Information exchange;Labeling;Machine learning algorithms;Security;classification;cross-domain information exchange;labelling;machine learning}, 
doi={10.1109/ICCNC.2016.7440588}, 
month={Feb},}

@INPROCEEDINGS{7398527, 
author={K. Fukuyama and Y. Taniguchi and N. Iguchi}, 
booktitle={2015 IEEE 4th Global Conference on Consumer Electronics (GCCE)}, 
title={A study on attacker agent in virtual machine-based network security learning system}, 
year={2015}, 
pages={21-22}, 
keywords={computer network security;computer science education;virtual machines;attacker agent;computer networks;defense techniques;network security education;network security learning system;virtual machine;virtual network;Communication networks;Education;Firewalls (computing);Learning systems;Network topology;Virtual machining;Attacker Agent;Network Security;Network Security Education;Virtual Machine}, 
doi={10.1109/GCCE.2015.7398527}, 
month={Oct},}


@INPROCEEDINGS{7396825, 
author={Y. J. Hu and W. Y. Liu and W. N. Wu}, 
booktitle={2015 IEEE/WIC/ACM International Conference on Web Intelligence and Intelligent Agent Technology (WI-IAT)}, 
title={Structured Machine Learning for Data Analytics and Modeling: Intelligent Security as an Example}, 
year={2015}, 
volume={1}, 
pages={325-332}, 
keywords={Big Data;data analysis;knowledge based systems;learning (artificial intelligence);ontologies (artificial intelligence);query processing;security of data;KDD CUP 1999 datasets;RDFS ontologies;SPARQL;big data analytics;big data modeling;dataset error testing;hypothesis testing;intelligent security;rule learning;semantics-enabled semisupervised learning;structured hypothesis;structured machine learning;type-labeled instances;type-labeled training dataset;Analytical models;Big data;Data models;Intrusion detection;Machine learning algorithms;Ontologies;SPARQL;Structured machine learning;big data analytics;inductive logic programming (ILP);intelligent security;ontology learning;rule learning RDF(S);semantics-enabled (semi-)supervised learning}, 
doi={10.1109/WI-IAT.2015.190}, 
month={Dec},}


@INPROCEEDINGS{7583516, 
author={V. Khomenko and O. Shyshkov and O. Radyvonenko and K. Bokhan}, 
booktitle={2016 IEEE First International Conference on Data Stream Mining Processing (DSMP)}, 
title={Accelerating recurrent neural network training using sequence bucketing and multi-GPU data parallelization}, 
year={2016}, 
pages={100-103}, 
keywords={Acceleration;Computational modeling;Graphics processing units;Handwriting recognition;Recurrent neural networks;Training;Training data;GPU;LSTM;data parallelization;mini-batch;recurrent neural network;sequence bucketing}, 
doi={10.1109/DSMP.2016.7583516}, 
month={Aug},}


@INPROCEEDINGS{7563068, 
author={X. Xu and H. Ge and S. Li}, 
booktitle={2016 IEEE International Conference of Online Analysis and Computing Science (ICOACS)}, 
title={An improvement on recurrent neural network by combining convolution neural network and a simple initialization of the weights}, 
year={2016}, 
pages={150-154}, 
keywords={feedforward neural nets;learning (artificial intelligence);optimisation;recurrent neural nets;CNN;IMDB;LSTM;MNIST;RNN;ReLU;deep convolution neural networks;deep learning;identity matrix;long short term memory;optimization time;rectified linear units;recurrent neural network;Convolution;Decision support systems;Economic indicators;Optimization;Recurrent neural networks;Convolution Neural Network;Optimization Time;Rectified Linear Units;Recurrent Neural Network}, 
doi={10.1109/ICOACS.2016.7563068}, 
month={May},}


@INPROCEEDINGS{7545213, 
author={W. Yang and D. Zhang and Y. Fu}, 
booktitle={2016 International Symposium on Computer, Consumer and Control (IS3C)}, 
title={Research of a Diagonal Recurrent Neural Network and Artificial Neural Networks}, 
year={2016}, 
pages={374-377}, 
keywords={control engineering computing;recurrent neural nets;DRNN simulation model;MATLAB;artificial neural networks;diagonal recurrent neural network;nonliner system;simulation system control;Artificial neural networks;Biological neural networks;Computational modeling;Control systems;Nonlinear dynamical systems;Recurrent neural networks;Artificial Neural Networks;Diagonal Recurrent Neural Network;MATLAB}, 
doi={10.1109/IS3C.2016.103}, 
month={July},}


@INPROCEEDINGS{7554455, 
author={M. Xu and M. Han and X. Wang}, 
booktitle={2016 35th Chinese Control Conference (CCC)}, 
title={Hierarchical neural networks for multivariate time series prediction}, 
year={2016}, 
pages={6971-6976}, 
keywords={feature selection;learning (artificial intelligence);neural nets;time series;China;Dalian;ELM;SCR;extreme learning machine;feature selection method;hierarchical neural networks;modified recursive algorithm;multivariate time series prediction;particle swarm optimization method;rainfall series;simple cycle reservoirs;temperature series;Biological neural networks;Feature extraction;Reservoirs;Thyristors;Time series analysis;Training;Multivariate time series;extreme learning machines;prediction;simple cycle reservoirs}, 
doi={10.1109/ChiCC.2016.7554455}, 
month={July},}












@INPROCEEDINGS{7471348, 
author={K. Nahrstedt and H. Li and P. Nguyen and S. Chang and L. Vu}, 
booktitle={2016 IEEE First International Conference on Internet-of-Things Design and Implementation (IoTDI)}, 
title={Internet of Mobile Things: Mobility-Driven Challenges, Designs and Implementations}, 
year={2016}, 
pages={25-36}, 
keywords={Internet of Things;cyber-physical systems;mobile computing;Internet of Mobile Things;cyber-physical infrastructures;interconnected sensors;mobile devices;smart buildings;smart environments;smart grid;smart transportation;Context;Data collection;Mobile communication;Mobile handsets;Security;Sensors;Vehicles}, 
doi={10.1109/IoTDI.2015.41}, 
month={April},}

@INPROCEEDINGS{7245674, 
author={D. Gantsou}, 
booktitle={Cyber Security of Smart Cities, Industrial Control System and Communications (SSIC), 2015 International Conference on}, 
title={On the use of security analytics for attack detection in vehicular ad hoc networks}, 
year={2015}, 
pages={1-6}, 
keywords={intelligent transportation systems;telecommunication security;vehicular ad hoc networks;IEEE802.11p standard;VANET;attack detection;cryptographic-centric mechanisms;cyber attacks;intelligent transportation systems;mobile ad hoc network;security analytics;vehicular ad hoc networks;wireless mobile environment;Communication system security;Cryptography;IP networks;Vehicles;Vehicular ad hoc networks;Intelligent Transportation Systems (ITS);Vehicular ad hoc network (VANET) security;attack detection}, 
doi={10.1109/SSIC.2015.7245674}, 
month={Aug},}


@INPROCEEDINGS{6899124, 
author={G. Karsai and D. Balasubramanian and A. Dubey and W. R. Otte}, 
booktitle={2014 IEEE 17th International Symposium on Object/Component/Service-Oriented Real-Time Distributed Computing}, 
title={Distributed and Managed: Research Challenges and Opportunities of the Next Generation Cyber-Physical Systems}, 
year={2014}, 
pages={1-8}, 
keywords={cloud computing;embedded systems;fault diagnosis;formal verification;mobile computing;program verification;resource allocation;security of data;software architecture;specification languages;application isolation;autonomous fault management;communication resources;component-structured applications;computational resources;constrained resource management;cyber-physical cloud computing platform;distributed computing platforms;domain-specific model-driven development process;domain-specific modeling language;graphical modeling tools;infrastructure code synthesis;middleware layer;mobile embedded devices;model-based analysis;modular components;next generation cyber-physical systems;operating system;real-time performance requirements;reusable components;security;software architecture;software generators;validation;verification;Computational modeling;Computer architecture;Kernel;Real-time systems;Security;Unified modeling language;cyber-physical systems;distributed systems}, 
doi={10.1109/ISORC.2014.36}, 
ISSN={1555-0885}, 
month={June},}


@article{baheti2011cyber,
  title={Cyber-physical systems},
  author={Baheti, Radhakisan and Gill, Helen},
  journal={The impact of control technology},
  volume={12},
  pages={161--166},
  year={2011},
  publisher={IEEE Control Systems Society}
}


@inproceedings{shi2011survey,
  title={A survey of cyber-physical systems},
  author={Shi, Jianhua and Wan, Jiafu and Yan, Hehua and Suo, Hui},
  booktitle={Wireless Communications and Signal Processing (WCSP), 2011 International Conference on},
  pages={1--6},
  year={2011},
  organization={IEEE}
}


@article{sridhar2012cyber,
  title={Cyber--physical system security for the electric power grid},
  author={Sridhar, Siddharth and Hahn, Adam and Govindarasu, Manimaran},
  journal={Proceedings of the IEEE},
  volume={100},
  number={1},
  pages={210--224},
  year={2012},
  publisher={IEEE}
}


@article{banerjee2012ensuring

,
  title={Ensuring safety, security, and sustainability of mission-critical cyber--physical systems},
  author={Banerjee, Ayan and Venkatasubramanian, Krishna K and Mukherjee, Tridib and Gupta, Sandeep Kumar S},
  journal={Proceedings of the IEEE},
  volume={100},
  number={1},
  pages={283--299},
  year={2012},
  publisher={IEEE}
}

@inproceedings{cardenas2009challenges,
  title={Challenges for securing cyber physical systems},
  author={Cardenas, Alvaro and Amin, Saurabh and Sinopoli, Bruno and Giani, Annarita and Perrig, Adrian and Sastry, Shankar},
  booktitle={Workshop on future directions in cyber-physical systems security},
  pages={5},
  year={2009}
}


@article{huang2011mobile,
  title={Mobile cloud computing},
  author={Huang, Dijiang and others},
  journal={IEEE COMSOC Multimedia Communications Technical Committee (MMTC) E-Letter},
  volume={6},
  number={10},
  pages={27--31},
  year={2011}
}


@article{chen2011trm,
  title={TRM-IoT: A trust management model based on fuzzy reputation for internet of things.},
  author={Chen, Dong and Chang, Guiran and Sun, Dawei and Li, Jiajia and Jia, Jie and Wang, Xingwei},
  journal={Comput. Sci. Inf. Syst.},
  volume={8},
  number={4},
  pages={1207--1228},
  year={2011}
}


@misc{2_pacelle_2015,
author={Pacelle, Mark},
title={3 topologies driving IoT networking standards - O'Reilly Radar},
note={\url{http://oreil.ly/1cFxw8T}},
longnote={\url{http://radar.oreilly.com/2014/04/3-topologies-driving-iot-networking-standards.html}},
journal={Radar.oreilly.com},
year={2015}
}

@INPROCEEDINGS{6967233, 
author={X. Xingmei and Z. Jing and W. He}, 
booktitle={Computer Science and Network Technology (ICCSNT), 2013 3rd International Conference on},
title={Research on the basic characteristics, the key technologies, the network architecture and security problems of the Internet of things}, 
year={2013}, 
pages={825-828}, 
keywords={Internet of Things;computer network security;embedded systems;radiofrequency identification;sensors;Internet of Things security problems;RFID technology;advanced information technology;application layer;embedded system technology;intelligent processing;network architecture;network communication technology;overall perception;radio frequency identification technology;security problems;sensing layer;sensor technology;transmission reliability;transport layer;Internet of Things;Radiofrequency identification;Robot sensing systems;Security;Embedded system;RFID;network communication;sensor;the Internet of things}, 
doi={10.1109/ICCSNT.2013.6967233}, 
month={Oct},}



@misc{infra_iot,
author={Kevin Casey},
title={10 Leaders In Internet Of Things Infrastructure},
note={\url{http://oreil.ly/1cFxw8T}},
longnote={\url{http://www.networkcomputing.com/internet-things/10-leaders-internet-things-infrastructure/1612927605
}},
year={2015}
}

@misc{network_sans,
author={SANS Institute},
title={Network Security Resources},
note={\url{https://www.sans.org/network-security/}},
longnote={\url{https://www.sans.org/network-security/
}},
year={2015}
}


@misc{smart_hospital,
author={Evan Weremeychik},
title={How To Design A ‘Smart’ Hospital},
note={\url{http://www.healthcaredesignmagazine.com/article/how-design-smart-hospital}},
longnote={\url{http://www.healthcaredesignmagazine.com/article/how-design-smart-hospital
}},
year={2014}
}

@misc{ge_health,
author={GE Healthcare},
title={Smart Technologies},
note={\url{http://www3.gehealthcare.com/en/products/categories/computed_tomography/smart_technologies}},
year={2016}
}

@misc{smart_light,
author={Markets and Markets},
title={Smart Lighting Market worth 8.14 Billion USD by 2020},
note={\url{http://www.marketsandmarkets.com/PressReleases/smart-lighting.asp}},
longnote={\url{http://www.marketsandmarkets.com/PressReleases/smart-lighting.asp
}},
year={2015}
}

@misc{smart_light_2,
author={Tom Pincince},
title={Part 2. What is Smart about Smart Lighting?},
note={\url{https://www.digitallumens.com/resources/blog-post/part-2-smart-smart-lighting/}},
longnote={\url{https://www.digitallumens.com/resources/blog-post/part-2-smart-smart-lighting/
}},
year={2015}
}

@misc{net_secure_sans,
author={Sans Institute},
title={Network Security Resources},
note={\url{https://www.sans.org/network-security/}},
longnote={\url{https://www.sans.org/network-security/
}},
year={2015}
}

@book{m2m_iot, 
place={Amsterdam}, 
title={From machine-to-machine to the Internet of things: introduction to a new age of intelligence}, 
publisher={Elsevier Academic Press}, 
author={H\"oller Jan},
year={2014},
note={pg. 197}}

@misc{webster,
author={Merriam-Webster},
title={Stability},
note={\url{http://www.merriam-webster.com/dictionary/stability}},
longnote={http://www.merriam-webster.com/dictionary/stability
}},
year={2015}
}


@article{Delic:2016:RIS:2891279.2822885,
 author = {Delic, Kemal A.},
 title = {On Resilience of IoT Systems: The Internet of Things (Ubiquity Symposium)},
 journal = {Ubiquity},
 issue_date = {February 2016},
 volume = {2016},
 number = {February},
 month = feb,
 year = {2016},
 issn = {1530-2180},
 pages = {1:1--1:7},
 articleno = {1},
 numpages = {7},
 url = {http://doi.acm.org/10.1145/2822885},
 doi = {10.1145/2822885},
 acmid = {2822885},
 publisher = {ACM},
 address = {New York, NY, USA},
} 

@INPROCEEDINGS{7134032, 
author={K. Benson}, 
booktitle={Pervasive Computing and Communication Workshops (PerCom Workshops), 2015 IEEE International Conference on}, 
title={Enabling resilience in the Internet of Things}, 
year={2015}, 
pages={230-232}, 
keywords={Internet of Things;electronic data interchange;fault tolerant computing;geophysics computing;home computing;middleware;Internet of Things;community seismic network;earthquake detection;middleware framework;multiprotocol data exchange;observe-analyze-adapt loop;pervasive IoT resilience;pervasive devices;resilient distributed applications;safe community awareness and alerting network;smart home;Communities;Earthquakes;Middleware;Peer-to-peer computing;Protocols;Resilience;Sensors}, 
doi={10.1109/PERCOMW.2015.7134032}, 
month={March},}


@misc{techcruch-security,
author={Mahendra Ramsinghani},
title={How the 'insecurity of things' creates the next wave of security opportunities},
note={\url{https://techcrunch.com/2016/06/26/how-the-insecurity-of-things-creates-the-next-wave-of-security-opportunities/}},
longnote={https://techcrunch.com/2016/06/26/how-the-insecurity-of-things-creates-the-next-wave-of-security-opportunities/
}},
year={2015}
}




@misc{hp-security,
author={Hewlett Packard Enterprise},
title={Internet of Things Research Study, 2015 report},
note={\url{http://www8.hp.com/h20195/V2/GetPDF.aspx/4AA5-4759ENW.pdf}},
year={2015}
}


@INPROCEEDINGS{7002114, 
author={M. Gomes and R. da Rosa Righi and C. A. da Costa}, 
booktitle={2014 6th International Congress on Ultra Modern Telecommunications and Control Systems and Workshops (ICUMT)}, 
title={Internet of things scalability: Analyzing the bottlenecks and proposing alternatives}, 
year={2014}, 
pages={269-276}, 
keywords={Internet of Things;benchmark testing;cloud computing;middleware;multi-threading;radiofrequency identification;virtual machines;virtualisation;μIB;ALE component assessment;EPC-compliant middleware scalability;EPCIS component assessment;Fosstrak middleware;Internet of Things scalability;IoT middleware scalability;RFID readers;RFID sensors;RFID tag;application access;cloud elasticity;cloud virtualization;data action filtering;data action storage;data management;microInternet of Things benchmark;multithreading programming;sequential requests;service decomposition;time constrains;Instruction sets;Middleware;RFID tags;Scalability;Servers;Time factors}, 
doi={10.1109/ICUMT.2014.7002114}, 
ISSN={2157-0221}, 
month={Oct},}



@book{parallel_computing, 
place={England}, 
title={Introduction to Parallel Computing, Second Edition}, 
publisher={Addison-Wesley}, 
author={Anatha Grama, Anshul Gupta, Geprge Karypis, Vipin Kumar},
year={2003},
note={pg. 211}}


@misc{scaling,
author={sharcnet},
title={Measuring Parallel Scaling Performance},
note={\url{https://www.sharcnet.ca/help/index.php/Measuring_Parallel_Scaling_Performance}},
year={2016}
}


@misc{forbes-iot-exp,
author={Jacob Morgan},
title={A Simple Explanation Of 'The Internet Of Things'},
note={\url{http://www.forbes.com/sites/jacobmorgan/2014/05/13/simple-explanation-internet-things-that-anyone-can-understand/#1d620e4a6828}},
year={2014}
}

@misc{why-iot-matters,
author={Pamela Perez},
title={What is the Internet of Things and Why Does in Matter},
note={\url{http://www.securedgenetworks.com/blog/what-is-the-internet-of-things-and-why-does-it-matter}},
year={2016}
}


@INPROCEEDINGS{6414014, 
author={L. Jiang and G. Tian and S. Zhu}, 
booktitle={Control Engineering and Communication Technology (ICCECT), 2012 International Conference on}, 
title={Design and Implementation of Network Forensic System Based on Intrusion Detection Analysis}, 
year={2012}, 
pages={689-692}, 
keywords={computer crime;digital forensics;computer crime;digital evidence;dynamic methods;hacking crime;intrusion detection analysis;legal action proceedings;multiangle forensic analysis;network evidence;network forensic system;static methods;technical methods;Computer crime;Computers;Engines;Forensics;IP networks;Protocols;Digital Forensics;Forensic analysis;Network Forensic;intrusion analysis}, 
doi={10.1109/ICCECT.2012.51}, 
month={Dec},}




@inproceedings{DBLP:conf/uic/OriwohS13,
  author    = {Edewede Oriwoh and
               Paul Sant},
  title     = {The Forensics Edge Management System: {A} Concept and Design},
  booktitle = {2013 {IEEE} 10th International Conference on Ubiquitous Intelligence
               and Computing and 2013 {IEEE} 10th International Conference on Autonomic
               and Trusted Computing, {UIC/ATC} 2013, Vietri sul Mare, Sorrento Peninsula,
               Italy, December 18-21, 2013},
  pages     = {544--550},
  year      = {2013},
  crossref  = {DBLP:conf/uic/2013},
  url       = {http://dx.doi.org/10.1109/UIC-ATC.2013.71},
  doi       = {10.1109/UIC-ATC.2013.71},
  timestamp = {Thu, 19 May 2016 14:52:57 +0200},
  biburl    = {http://dblp.uni-trier.de/rec/bib/conf/uic/OriwohS13},
  bibsource = {dblp computer science bibliography, http://dblp.org}
}

@proceedings{DBLP:conf/uic/2013,
  title     = {2013 {IEEE} 10th International Conference on Ubiquitous Intelligence
               and Computing and 2013 {IEEE} 10th International Conference on Autonomic
               and Trusted Computing, {UIC/ATC} 2013, Vietri sul Mare, Sorrento Peninsula,
               Italy, December 18-21, 2013},
  publisher = {{IEEE} Computer Society},
  year      = {2013},
  url       = {http://ieeexplore.ieee.org/xpl/mostRecentIssue.jsp?punumber=6724531},
  isbn      = {978-1-4799-2481-3},
  timestamp = {Thu, 19 May 2016 14:52:57 +0200},
  biburl    = {http://dblp.uni-trier.de/rec/bib/conf/uic/2013},
  bibsource = {dblp computer science bibliography, http://dblp.org}
}

@inproceedings{DBLP:conf/IEEEscc/ZawoadH15,
  author    = {Shams Zawoad and
               Ragib Hasan},
  title     = {FAIoT: Towards Building a Forensics Aware Eco System for the Internet
               of Things},
  booktitle = {2015 {IEEE} International Conference on Services Computing, {SCC}
               2015, New York City, NY, USA, June 27 - July 2, 2015},
  pages     = {279--284},
  year      = {2015},
  crossref  = {DBLP:conf/IEEEscc/2015},
  url       = {http://dx.doi.org/10.1109/SCC.2015.46},
  doi       = {10.1109/SCC.2015.46},
  timestamp = {Wed, 04 May 2016 14:26:55 +0200},
  biburl    = {http://dblp.uni-trier.de/rec/bib/conf/IEEEscc/ZawoadH15},
  bibsource = {dblp computer science bibliography, http://dblp.org}
}

@proceedings{DBLP:conf/IEEEscc/2015,
  title     = {2015 {IEEE} International Conference on Services Computing, {SCC}
               2015, New York City, NY, USA, June 27 - July 2, 2015},
  publisher = {{IEEE} Computer Society},
  year      = {2015},
  url       = {http://ieeexplore.ieee.org/xpl/mostRecentIssue.jsp?punumber=7194374},
  isbn      = {978-1-4673-7281-7},
  timestamp = {Wed, 04 May 2016 14:26:48 +0200},
  biburl    = {http://dblp.uni-trier.de/rec/bib/conf/IEEEscc/2015},
  bibsource = {dblp computer science bibliography, http://dblp.org}
}


@inproceedings{DBLP:conf/colcom/OriwohJES13,
  author    = {Edewede Oriwoh and
               David Jazani and
               Gregory Epiphaniou and
               Paul Sant},
  title     = {Internet of Things Forensics: Challenges and approaches},
  booktitle = {9th {IEEE} International Conference on Collaborative Computing: Networking,
               Applications and Worksharing, Austin, TX, USA, October 20-23, 2013},
  pages     = {608--615},
  year      = {2013},
  crossref  = {DBLP:conf/colcom/2013},
  url       = {http://dx.doi.org/10.4108/icst.collaboratecom.2013.254159},
  doi       = {10.4108/icst.collaboratecom.2013.254159},
  timestamp = {Wed, 11 Mar 2015 17:19:26 +0100},
  biburl    = {http://dblp.uni-trier.de/rec/bib/conf/colcom/OriwohJES13},
  bibsource = {dblp computer science bibliography, http://dblp.org}
}

@proceedings{DBLP:conf/colcom/2013,
  editor    = {Elisa Bertino and
               Dimitrios Georgakopoulos and
               Mudhakar Srivatsa and
               Surya Nepal and
               Alessandro Vinciarelli},
  title     = {9th {IEEE} International Conference on Collaborative Computing: Networking,
               Applications and Worksharing, Austin, TX, USA, October 20-23, 2013},
  publisher = {{ICST} / {IEEE}},
  year      = {2013},
  url       = {http://eudl.eu/proceedings/COLLABORATECOM/2013},
  isbn      = {978-1-936968-92-3},
  timestamp = {Wed, 11 Mar 2015 17:19:26 +0100},
  biburl    = {http://dblp.uni-trier.de/rec/bib/conf/colcom/2013},
  bibsource = {dblp computer science bibliography, http://dblp.org}
}




@misc{iot-analytics-def,
author={IoT Analytics},
title={Why the Internet of Things is called Internet of Things: Definition, history, disambiguation},
note={\url{https://iot-analytics.com/internet-of-things-definition/}}
}


@misc{iot-rfid-journal,
author={Kevin Ashton},
title={That 'Internet of Things' Thing},
note={\url{http://www.rfidjournal.com/articles/view?4986}},
year={2009}
}




@misc{newsweek-iot,
author={Kevin Maney},
title={Meet Kevin Ashton, Father of the Internet of Things},
note={\url{http://www.newsweek.com/2015/03/06/meet-kevin-ashton-father-internet-things-308763.html}},
year={2015}
}



@misc{gartner,
author={Gartner Research},
title={Gartner Says 6.4 Billion Connected "Things" Will Be in Use in 2016, Up 30 Percent From 2015},
note={\url{http://www.gartner.com/newsroom/id/3165317}},
year={2015}
}





@misc{smithsonian-iot,
author={Arik Gabbai},
title={Kevin Ashton Describes "the Internet of Things"},
note={\url{http://www.smithsonianmag.com/innovation/kevin-ashton-describes-the-internet-of-things-180953749/?no-ist}},
year={2015}
}




@misc{iiot-accent,
author={Paul Daugherty, Prith Banerjee, Walid Negm and Allan E. Alter},
title={Driving Unconventional Growth through the Industrial Internet of Things},
note={\url{https://www.accenture.com/us-en/_acnmedia/Accenture/next-gen/reassembling-industry/pdf/Accenture-Driving-Unconventional-Growth-through-IIoT.pdf
}},
year={2015}
}



@INPROCEEDINGS{7275445, 
author={S. F. Abedin and M. G. R. Alam and N. H. Tran and C. S. Hong}, 
booktitle={Network Operations and Management Symposium (APNOMS), 2015 17th Asia-Pacific}, 
title={A Fog based system model for cooperative IoT node pairing using matching theory}, 
year={2015}, 
pages={309-314}, 
keywords={Internet of Things;game theory;peer-to-peer computing;cloud computing;cooperative IoT node pairing;fog based system model;greedy approach;heterogeneous devices;refined matching algorithm;utility based matching;Cloud computing;Games;Mobile handsets;Peer-to-peer computing;Proposals;Quality of service;Resource management;Fog computing;Internet of Things(IoT);Matching game;Peer-to-Peer(P2P)}, 
doi={10.1109/APNOMS.2015.7275445}, 
month={Aug},}



@INPROCEEDINGS{6803220, 
author={C. Sarkar and S. N. A. U. Nambi and R. V. Prasad and A. Rahim}, 
booktitle={Internet of Things (WF-IoT), 2014 IEEE World Forum on}, 
title={A scalable distributed architecture towards unifying IoT applications}, 
year={2014}, 
pages={508-513}, 
keywords={Internet of Things;open systems;Internet of Things;IoT applications;IoT devices;heterogeneity issue;interoperability;large scale expansion;scalability issue;scalable distributed architecture;Automation;Computer architecture;Internet;Interoperability;Observers;Proposals;Scalability}, 
doi={10.1109/WF-IoT.2014.6803220}, 
month={March},}




@misc{juniper-research,
author={Juniper Research},
title={‘INTERNET OF THINGS’ CONNECTED DEVICES TO ALMOST TRIPLE TO OVER 38 BILLION UNITS BY 2020},
note={\url{http://www.juniperresearch.com/press/press-releases/iot-connected-devices-to-triple-to-38-bn-by-2020}},
year={2015}
}


@misc{stats-iot,
author={Statista},
title={Internet of Things (IoT): number of connected devices worldwide from 2012 to 2020 (in billions)},
note={http://www.statista.com/statistics/471264/iot-number-of-connected-devices-worldwide/
},
year={2016}
}




@INPROCEEDINGS{6092778, 
author={K. Rieck}, 
booktitle={SysSec Workshop (SysSec), 2011 First}, 
title={Computer Security and Machine Learning: Worst Enemies or Best Friends?}, 
year={2011}, 
pages={107-110}, 
keywords={Internet;invasive software;learning (artificial intelligence);Internet;bot networks;computer security;computer systems;computer worms;machine learning;plethora;security threats;Internet;Learning systems;Machine learning;Malware;Software;computer security;machine learning}, 
doi={10.1109/SysSec.2011.16}, 
month={July},}

@INPROCEEDINGS{7396825, 
author={Y. J. Hu and W. Y. Liu and W. N. Wu}, 
booktitle={2015 IEEE/WIC/ACM International Conference on Web Intelligence and Intelligent Agent Technology (WI-IAT)}, 
title={Structured Machine Learning for Data Analytics and Modeling: Intelligent Security as an Example}, 
year={2015}, 
volume={1}, 
pages={325-332}, 
keywords={Big Data;data analysis;knowledge based systems;learning (artificial intelligence);ontologies (artificial intelligence);query processing;security of data;KDD CUP 1999 datasets;RDFS ontologies;SPARQL;big data analytics;big data modeling;dataset error testing;hypothesis testing;intelligent security;rule learning;semantics-enabled semisupervised learning;structured hypothesis;structured machine learning;type-labeled instances;type-labeled training dataset;Analytical models;Big data;Data models;Intrusion detection;Machine learning algorithms;Ontologies;SPARQL;Structured machine learning;big data analytics;inductive logic programming (ILP);intelligent security;ontology learning;rule learning RDF(S);semantics-enabled (semi-)supervised learning}, 
doi={10.1109/WI-IAT.2015.190}, 
month={Dec},}


@INPROCEEDINGS{5289177, 
author={Z. Zheng and Z. Lan}, 
booktitle={2009 IEEE International Conference on Cluster Computing and Workshops}, 
title={Reliability-aware scalability models for high performance computing}, 
year={2009}, 
pages={1-9}, 
keywords={parallel processing;software performance evaluation;software reliability;Amdahl law;Gustafson law;high performance computing;parallel applications;performance evaluation;reliability-aware scalability;Analytical models;Application software;Checkpointing;Computer science;Fault tolerance;High performance computing;Large-scale systems;Performance analysis;Predictive models;Scalability}, 
doi={10.1109/CLUSTR.2009.5289177}, 
ISSN={1552-5244}, 
month={Aug},}


@misc{dr-dobbs,
author={Michael McCool, Arch Robison, James Reinder},
title={Amdahl's Law vs. Gustafson-Barsis' Law},
note={\url{http://www.drdobbs.com/parallel/amdahls-law-vs-gustafson-barsis-law/240162980}},
year={2013}
}

@misc{umn,
author={Kwon},
title={Multi-Processor Laws},
note={\url{http://www.d.umn.edu/~tkwon/course/5315/HW/MultiprocessorLaws.pdf}},
year={2013}
}


@misc{mx,
author={MXNET},
title={MXNET},
note={\url{http://mxnet.readthedocs.io/en/latest/}},
year={2016}
}






@INPROCEEDINGS{7542317, 
author={P. Gupta and J. Chhabra}, 
booktitle={2016 International Conference on Innovation and Challenges in Cyber Security (ICICCS-INBUSH)}, 
title={IoT based Smart Home design using power and security management}, 
year={2016}, 
pages={6-10}, 
keywords={Androids;Control systems;Humanoid robots;Internet;Mobile communication;Monitoring;Security;Android;Home automation;Internet of thing (IoT);Power consumption;Security;Smart devices}, 
doi={10.1109/ICICCS.2016.7542317}, 
month={Feb},}


@INPROCEEDINGS{7543220, 
author={D. Palmer and S. Fazzari and S. Wartenberg}, 
booktitle={2016 International Great Lakes Symposium on VLSI (GLSVLSI)}, 
title={Defense systems and IoT: Security issues in an era of distributed command and control}, 
year={2016}, 
pages={175-179}, 
keywords={Consumer electronics;Internet of things;Security;Sensors;Supply chains;Testing;Weapons}, 
doi={10.1145/2902961.2903038}, 
month={May},}


@INPROCEEDINGS{7538981, 
author={J. Dofe and J. Frey and Q. Yu}, 
booktitle={2016 IEEE International Symposium on Circuits and Systems (ISCAS)}, 
title={Hardware security assurance in emerging IoT applications}, 
year={2016}, 
pages={2050-2053}, 
keywords={Cryptography;Hardware;Internet of things;Radiation detectors;Trojan horses;Hardware Security;Hardware Trojan;Internet-of-Things (IoT);Security Assurance}, 
doi={10.1109/ISCAS.2016.7538981}, 
month={May},}


@INPROCEEDINGS{7513647,
author={M. Grabovica and S. Popić and D. Pezer and V. Knežević},
booktitle={2016 Zooming Innovation in Consumer Electronics International Conference (ZINC)},
title={Provided security measures of enabling technologies in Internet of Things (IoT): A survey},
year={2016},
pages={28-31},
keywords={Internet of Things;protocols;security of data;Bluetooth;Internet of Things;IoT;RFID;ZigBee;communication technologies;electronics;network connectivity;security measures;security protocols;software;wireless network;Authentication;Bluetooth;Encryption;Radiofrequency identification;ZigBee;Bluetooth;IoT;RFID;Wireless;ZigBee;data security},
doi={10.1109/ZINC.2016.7513647},
month={June},}

@INPROCEEDINGS{7528258,
author={Ş C. Arseni and M. Miţoi and A. Vulpe},
booktitle={2016 International Conference on Communications (COMM)},
title={Pass-IoT: A platform for studying security, privacy and trust in IoT},
year={2016},
pages={261-266},
keywords={Benchmark testing;Ciphers;Hardware;Internet of things;Software;IoT gateway;IoT security testbed;lightweight cryptography},
doi={10.1109/ICComm.2016.7528258},
month={June},}


@misc{bluetooth,
author={Bluetooth},
title={Story Behind Bluetooth Technology},
note={\url{https://www.bluetooth.com/what-is-bluetooth-technology/bluetooth}},
year={2016}
}

@inproceedings{DBLP:conf/aina/PrazeresS16,
  author    = {C{\'{a}}ssio V. S. Prazeres and
               Martin Serrano},
  title     = {SOFT-IoT: Self-Organizing {FOG} of Things},
  booktitle = {30th International Conference on Advanced Information Networking and
               Applications Workshops, {AINA} 2016 Workshops, Crans-Montana, Switzerland,
               March 23-25, 2016},
  pages     = {803--808},
  year      = {2016},
  crossref  = {DBLP:conf/aina/2016w},
  url       = {http://dx.doi.org/10.1109/WAINA.2016.153},
  doi       = {10.1109/WAINA.2016.153},
  timestamp = {Fri, 27 May 2016 22:51:03 +0200},
  biburl    = {http://dblp.uni-trier.de/rec/bib/conf/aina/PrazeresS16},
  bibsource = {dblp computer science bibliography, http://dblp.org}
}


@proceedings{DBLP:conf/aina/2016w,
  editor    = {Leonard Barolli and
               Makoto Takizawa and
               Tomoya Enokido and
               Antonio J. Jara and
               Yann Bocchi},
  title     = {30th International Conference on Advanced Information Networking and
               Applications Workshops, {AINA} 2016 Workshops, Crans-Montana, Switzerland,
               March 23-25, 2016},
  publisher = {{IEEE} Computer Society},
  year      = {2016},
  url       = {http://ieeexplore.ieee.org/xpl/mostRecentIssue.jsp?punumber=7470660},
  isbn      = {978-1-5090-2461-2},
  timestamp = {Tue, 24 May 2016 13:46:31 +0200},
  biburl    = {http://dblp.uni-trier.de/rec/bib/conf/aina/2016w},
  bibsource = {dblp computer science bibliography, http://dblp.org}
}

@misc{monirullares,
  title={Lares: An Architecture for Secure Active Monitoring Using Virtualization},
  author={Monirul, Bryan D Payne Martim Carbone and Lee, Sharif Wenke}
}

@misc{ibm_grid,
title={SmartGrid},
author={IBM Research Zurich},
year={2016},
note={\url{http://www.research.ibm.com/labs/zurich/smartgrid/}}
}

@misc{DOErequire,
title={A Systems View of the Modern Grid},
author={U.S. Department of Energy},
note={National Energy Technology Laboratory},
year={2007}
}

@ARTICLE{6032699, 
author={S. Sridhar and A. Hahn and M. Govindarasu}, 
journal={Proceedings of the IEEE}, 
title={Cyber 2013;Physical System Security for the Electric Power Grid}, 
year={2012}, 
volume={100}, 
number={1}, 
pages={210-224}, 
keywords={power system control;power system security;smart power grids;cyber attacks;cyber infrastructure security;cyber-physical controls;cyber-physical system security;electric power grid;power system control;smart grid;Automatic generation control;Cyberspace;Frequency measurement;Network security;Network topology;Power system stability;Protocols;Smart grids;Transmission line measurements;Cyber–physical systems (CPS);cyber security;electric grid;smart grid;supervisory control and data acquisition (SCADA)}, 
doi={10.1109/JPROC.2011.2165269}, 
ISSN={0018-9219}, 
month={Jan},}

@article{DBLP:journals/neco/HochreiterS97,
  author    = {Sepp Hochreiter and
               J{\"{u}}rgen Schmidhuber},
  title     = {Long Short-Term Memory},
  journal   = {Neural Computation},
  volume    = {9},
  number    = {8},
  pages     = {1735--1780},
  year      = {1997},
  url       = {http://dx.doi.org/10.1162/neco.1997.9.8.1735},
  doi       = {10.1162/neco.1997.9.8.1735},
  timestamp = {Thu, 17 Nov 2011 16:24:23 +0100},
  biburl    = {http://dblp.uni-trier.de/rec/bib/journals/neco/HochreiterS97},
  bibsource = {dblp computer science bibliography, http://dblp.org}
}


@INPROCEEDINGS{7724222, 
author={N. Kumari and S. K. Gupta and R. Choudhary and S. L. Agrwal}, 
booktitle={2016 3rd International Conference on Computing for Sustainable Global Development (INDIACom)}, 
title={New performance analysis of AODV, DSDV and OLSR routing protocol for MANET}, 
year={2016}, 
pages={33-35}, 
keywords={Conferences;Economic indicators;Handheld computers;AODV;DSDV;MANET;OLSR;PDR}, 
month={March},}

@INPROCEEDINGS{7563075, 
author={Q. Xian and Y. Long}, 
booktitle={2016 IEEE International Conference of Online Analysis and Computing Science (ICOACS)}, 
title={An enhanced greedy perimeter stateless routing algorithm for wireless sensor network}, 
year={2016}, 
pages={181-184}, 
keywords={probability;telecommunication network routing;wireless sensor networks;EGPSR algorithm;chosen forward region;enhanced greedy perimeter stateless routing algorithm;neighboring nodes;network life cycle;network nodes energy;probability mechanism;routing selected region;wireless sensor network;Analytical models;DH-HEMTs;Decision support systems;Manganese;Mobile computing;Routing protocols;Simulation;energy-balance;forward region;greedy perimeter stateless routing protocol;wireless sensor networks}, 
doi={10.1109/ICOACS.2016.7563075}, 
month={May},}

@INPROCEEDINGS{7724851, 
author={S. Kukreja and P. Singh}, 
booktitle={2016 3rd International Conference on Computing for Sustainable Global Development (INDIACom)}, 
title={Performance metrics of AODV and OLSR in wireless mesh network}, 
year={2016}, 
pages={3182-3185}, 
keywords={Ad hoc networks;Mobile nodes;Routing;Routing protocols;Wireless communication;Wireless mesh networks;AODV;Data;MAC;OLSR;Packet;Throughput}, 
month={March},}

@misc{aws,
author={Amazon Web Services},
title={Authentication in AWS IoT},
note={\url{http://docs.aws.amazon.com/iot/latest/developerguide/identity-in-iot.html}}
}

@misc{atmel_certs,
author={Eustace Asanghanwa},
title={How to Create Root and Other Certificates for IoT
Devices},
year={2016},
note={\url{http://www.atmel.com/images/How-to-Create-Root-and-Other-Certificates-for-IoT_Article.pdf}}
}


@misc{ideas2020,
author={Ideas 2020},
title={Questions and Answers},
note={\url{http://www.ideen2020.de/en/2993/}}
}

@misc{els,
author={Elseiver},
title={Special Issue on “Cyber-physical Systems (CPS), Internet of Things (IoT) and Big Data”},
note={\url{http://www.journals.elsevier.com/future-generation-computer-systems/call-for-papers/special-issue-on-cyber-physical-systems-cps-internet-of-thin}}
}

@misc{k-ieee,
author={Kate Carruthers},
title={Internet of Things and Beyond: Cyber-Physical Systems},
note={\url{http://iot.ieee.org/newsletter/may-2016/internet-of-things-and-beyond-cyber-physical-systems}}
}